@manual{sample,
  author = {TU Dortmund},
  title = {Versuchsanleitung-Das Tr√§gheitsmoment},

}

@online{Skript,
  author= "Kierfeld, Jan and Westphal, Carsten",
  title= "Skript Physik I - Rotationsbewegungen",
  pages ="4",
  url="https://moodle.tu-dortmund.de/pluginfile.php/827041/mod_resource/content/0/181203_cw.pdf",
  }
